<record><leader>00000cas a2200000 a 4500</leader><controlfield tag="001">31188943</controlfield><controlfield tag="008">940928d19uu1982iluir ne      0   a0eng c</controlfield><datafield ind1=" " ind2=" " tag="010"><subfield code="a">sn 94060589 </subfield></datafield><datafield ind1=" " ind2=" " tag="040"><subfield code="a">NVF</subfield><subfield code="b">eng</subfield><subfield code="c">NVF</subfield><subfield code="d">CVF</subfield><subfield code="d">OCLCQ</subfield><subfield code="d">OCLCF</subfield><subfield code="d">OCLCO</subfield><subfield code="d">NVF</subfield></datafield><datafield ind1=" " ind2=" " tag="042"><subfield code="a">pcc</subfield></datafield><datafield ind1=" " ind2=" " tag="043"><subfield code="a">n-us-il</subfield></datafield><datafield ind1="0" ind2="0" tag="245"><subfield code="a">Stickney and Forest View life.</subfield></datafield><datafield ind1="1" ind2=" " tag="246"><subfield code="i">Published as:</subfield><subfield code="a">Stickney life</subfield><subfield code="f">&lt;Oct. 5&gt;-Nov. 30, 1975 and July 23, 1976</subfield></datafield><datafield ind1="1" ind2=" " tag="246"><subfield code="i">Published as:</subfield><subfield code="a">Stickney Forest View life</subfield><subfield code="f">Dec. 3, 1975-Feb. 4, 1976, July 23-&lt;Aug. 1, 1976&gt;</subfield></datafield><datafield ind1="1" ind2="3" tag="246"><subfield code="a">Stickney Forest View</subfield></datafield><datafield ind1="1" ind2="3" tag="246"><subfield code="a">Stickney life Forest View</subfield></datafield><datafield ind1=" " ind2=" " tag="260"><subfield code="a">Berwyn, Ill. :</subfield><subfield code="b">Life Print. and Pub. Co.</subfield></datafield><datafield ind1=" " ind2=" " tag="300"><subfield code="a">volumes</subfield></datafield><datafield ind1=" " ind2=" " tag="310"><subfield code="a">Triweekly</subfield></datafield><datafield ind1="1" ind2=" " tag="362"><subfield code="a">Ceased in Oct. 1982.</subfield></datafield><datafield ind1=" " ind2=" " tag="500"><subfield code="a">"Life" appears between "Stickney" and "Forest View" on masthead, July 23-&lt;Aug. 1, 1976&gt;.</subfield></datafield><datafield ind1=" " ind2=" " tag="580"><subfield code="a">Merged with: Berwyn life (Berwyn, Ill. : 1965), and: Cicero life, to form: Cicero Berwyn life.</subfield></datafield><datafield ind1=" " ind2=" " tag="588"><subfield code="a">Description based on: 36th year, no. 1 (Jan. 3, 1962).</subfield></datafield><datafield ind1=" " ind2=" " tag="588"><subfield code="a">Latest issue consulted: Aug. 1, 1976.</subfield></datafield><datafield ind1=" " ind2="0" tag="651"><subfield code="a">Stickney (Ill.)</subfield><subfield code="v">Newspapers.</subfield></datafield><datafield ind1=" " ind2="0" tag="651"><subfield code="a">Forest View (Ill.)</subfield><subfield code="v">Newspapers.</subfield></datafield><datafield ind1=" " ind2="7" tag="651"><subfield code="a">Illinois</subfield><subfield code="z">Forest View.</subfield><subfield code="2">fast</subfield><subfield code="0">(OCoLC)fst01872205</subfield></datafield><datafield ind1=" " ind2="7" tag="651"><subfield code="a">Illinois</subfield><subfield code="z">Stickney.</subfield><subfield code="2">fast</subfield><subfield code="0">(OCoLC)fst01250147</subfield></datafield><datafield ind1=" " ind2="7" tag="655"><subfield code="a">Newspapers.</subfield><subfield code="2">fast</subfield><subfield code="0">(OCoLC)fst01423814</subfield></datafield><datafield ind1=" " ind2=" " tag="752"><subfield code="a">United States</subfield><subfield code="b">Illinois</subfield><subfield code="c">Cook County</subfield><subfield code="d">Berwyn.</subfield></datafield><datafield ind1="1" ind2="7" tag="785"><subfield code="t">Berwyn life (Berwyn, Ill. : 1965)</subfield><subfield code="w">(DLC)sn 94060588</subfield><subfield code="w">(OCoLC)31188904</subfield></datafield><datafield ind1="1" ind2="7" tag="785"><subfield code="t">Cicero life</subfield><subfield code="w">(DLC)sn 93057049</subfield><subfield code="w">(OCoLC)27238105</subfield></datafield><datafield ind1="1" ind2="7" tag="785"><subfield code="t">Cicero Berwyn life</subfield><subfield code="w">(DLC)sn 94060590</subfield><subfield code="w">(OCoLC)31189109</subfield></datafield><datafield ind1="1" ind2=" " tag="029"><subfield code="a">AU@</subfield><subfield code="b">000011305846</subfield></datafield></record>